<?xml version="1.0" encoding="UTF-8"?><record xmlns="http://www.loc.gov/MARC21/slim" xmlns:cinclude="http://apache.org/cocoon/include/1.0" xmlns:zs="http://www.loc.gov/zing/srw/">
  <leader>00809cz  a2200205n  4500</leader>
  <controlfield tag="001">n  82032678 </controlfield>
  <controlfield tag="003">DLC</controlfield>
  <controlfield tag="005">20000506065048.0</controlfield>
  <controlfield tag="008">820413n| acannaabn          |a aaa      </controlfield>
  <datafield tag="010" ind1=" " ind2=" ">
    <subfield code="a">n  82032678 </subfield>
  </datafield>
  <datafield tag="035" ind1=" " ind2=" ">
    <subfield code="a">(OCoLC)oca00729781</subfield>
  </datafield>
  <datafield tag="040" ind1=" " ind2=" ">
    <subfield code="a">DLC</subfield>
    <subfield code="b">eng</subfield>
    <subfield code="c">DLC</subfield>
    <subfield code="d">OCoLC</subfield>
  </datafield>
  <datafield tag="100" ind1="1" ind2=" ">
    <subfield code="a">Bofarull y Sans, Francisco de Asís de,</subfield>
    <subfield code="d">1843-1936</subfield>
  </datafield>
  <datafield tag="400" ind1="1" ind2=" ">
    <subfield code="a">Sans, Francisco de Asís de Bofarull y,</subfield>
    <subfield code="d">1843-1936</subfield>
  </datafield>
  <datafield tag="400" ind1="1" ind2=" ">
    <subfield code="a">De Asís de Bofarull y Sans, Francisco,</subfield>
    <subfield code="d">1843-1936</subfield>
  </datafield>
  <datafield tag="400" ind1="1" ind2=" ">
    <subfield code="a">Asís de Bofarull y Sans, Francisco de,</subfield>
    <subfield code="d">1843-1936</subfield>
  </datafield>
  <datafield tag="400" ind1="1" ind2=" ">
    <subfield code="a">De Bofarull y Sans, Francisco de Asís,</subfield>
    <subfield code="d">1843-1936</subfield>
  </datafield>
  <datafield tag="400" ind1="1" ind2=" ">
    <subfield code="a">Bofarull y Sans, Francisco de A.,</subfield>
    <subfield code="d">1843-1936</subfield>
  </datafield>
  <datafield tag="400" ind1="1" ind2=" ">
    <subfield code="a">Bofarull y Sans, Francisco de,</subfield>
    <subfield code="d">1843-1936</subfield>
  </datafield>
  <datafield tag="670" ind1=" " ind2=" ">
    <subfield code="a">Author's Bibliología. Los còdices, diplomas é impresos en la Exposición ...</subfield>
  </datafield>
</record>